<record><leader>00000cas a2200000 a 4500</leader><controlfield tag="001">13413014</controlfield><controlfield tag="008">860409d188u1966nbuwr ne      0    0eng d</controlfield><datafield ind1=" " ind2=" " tag="010"><subfield code="a">sn 86063456 </subfield></datafield><datafield ind1=" " ind2=" " tag="040"><subfield code="a">KSH</subfield><subfield code="b">eng</subfield><subfield code="c">KSH</subfield><subfield code="d">NPT</subfield><subfield code="d">NVG</subfield><subfield code="d">OCL</subfield><subfield code="d">OCLCQ</subfield><subfield code="d">OCLCF</subfield><subfield code="d">OCLCO</subfield></datafield><datafield ind1="1" ind2=" " tag="029"><subfield code="a">AU@</subfield><subfield code="b">000022168313</subfield></datafield><datafield ind1=" " ind2=" " tag="042"><subfield code="a">msc</subfield></datafield><datafield ind1=" " ind2=" " tag="043"><subfield code="a">n-us-nb</subfield></datafield><datafield ind1="0" ind2="4" tag="245"><subfield code="a">The Wilsonville review.</subfield></datafield><datafield ind1=" " ind2=" " tag="260"><subfield code="a">Wilsonville, Furnas County, Neb. :</subfield><subfield code="b">D.F. Smith</subfield></datafield><datafield ind1=" " ind2=" " tag="300"><subfield code="a">v. ;</subfield><subfield code="c">56 cm.</subfield></datafield><datafield ind1=" " ind2=" " tag="310"><subfield code="a">Weekly</subfield></datafield><datafield ind1="0" ind2=" " tag="362"><subfield code="a">-v. 78, no. 37 (Sept. 15, 1966).</subfield></datafield><datafield ind1=" " ind2=" " tag="500"><subfield code="a">Published in Wilsonville, Neb., -May 18, 1950; in Cambridge, Neb., May 25, 1950-Sept. 15, 1966.</subfield></datafield><datafield ind1=" " ind2=" " tag="588"><subfield code="a">Description based on: Vol. 7, no. 1 (Feb. 10, 1893).</subfield></datafield><datafield ind1=" " ind2="0" tag="651"><subfield code="a">Furnas County (Neb.)</subfield><subfield code="v">Newspapers.</subfield></datafield><datafield ind1=" " ind2="7" tag="655"><subfield code="a">Newspapers.</subfield><subfield code="2">fast</subfield><subfield code="0">(OCoLC)fst01423814</subfield></datafield><datafield ind1=" " ind2="7" tag="651"><subfield code="a">Nebraska</subfield><subfield code="z">Furnas County.</subfield><subfield code="2">fast</subfield><subfield code="0">(OCoLC)fst01209227</subfield></datafield><datafield ind1=" " ind2=" " tag="752"><subfield code="a">United States</subfield><subfield code="b">Nebraska</subfield><subfield code="c">Furnas</subfield><subfield code="d">Cambridge.</subfield></datafield><datafield ind1=" " ind2=" " tag="752"><subfield code="a">United States</subfield><subfield code="b">Nebraska</subfield><subfield code="c">Furnas</subfield><subfield code="d">Wilsonville.</subfield></datafield><datafield ind1="1" ind2=" " tag="776"><subfield code="c">Microfilm</subfield><subfield code="d">Nebraska State Historical Society</subfield><subfield code="w">(DLC)sn 95069362</subfield></datafield><datafield ind1="0" ind2="4" tag="785"><subfield code="t">Cambridge clarion</subfield></datafield></record>